@misc{SVD,
    title        = {Singular value decomposition},
    howpublished = {\url{https://en.wikipedia.org/wiki/Singular_value_decomposition}},
    note         = {Accessed: 2024-12-06}
}

@misc{RANSAC,
    title        = {Random sample consensus},
    howpublished = {\url{https://en.wikipedia.org/wiki/Random_sample_consensus}},
    note         = {Accessed: 2024-12-06}
}

@article{CarFusion,
    author = {N Dinesh Reddy and Minh Vo and Srinivasa G. Narasimhan},
    title = {CarFusion: Combining Point Tracking and Part Detection for Dynamic 3D Reconstruction of Vehicles},
    year = {},
    url = {https://openaccess.thecvf.com/content_cvpr_2018/papers/Reddy_CarFusion_Combining_Point_CVPR_2018_paper.pdf},
    note = {Accessed: 2024-12-08},
}

@misc{keypoints,
    author = {Maxime Bonnesoeur},
    howpublished = {\url{https://github.com/LouisNUST/keypoint-based-car-detector/tree/master}},
    note = {Accessed: 2024-12-08},
    title = {Semester Project : Keypoint-based vehicle 3D localization},
    year = {2020}
}

@misc{keypoint2pose,
    author = {Thomas Putzer},
    howpublished = {\url{https://github.com/PuuTzzA/keypoint2pose}},
    title = {keypoint2pose},
    year = {2024},
    note = {Source code for the 3d pose approximation step},
}

@misc{githubRepo,
    howpublished = {\url{https://github.com/PuuTzzA/robot_vision_2024-2}},
    title = {3D Vehicle Reconstruction via Monocular Camera with Deep Learning Models and Direct Linear Transformation},
    year = {2024},
    note = {Github repository for the group project},
}